@ARTICLE{name,
  author = "foo",
  title  = "bar",
  year   = {xxxx}
}
