=======================
Potential Field methods
=======================

@INPROCEEDINGS{andrews83,
  author = "J.R. Andrews and N. Hogan",
  title  = "Impedance control as a framework for implementing obstacle avoidance in a manipulator",
  year   = {1983},
  organization = "MIT, Dept. of Mechanical Engineering; American Control Conference"
}

@ARTICLE{koren89,
  author = "J. Borenstein and Y. Koren",
  title  = "Real-time Obstacle Avoidance for Fast Mobile Robots",
  year   = {1989},
  journal = "IEEE Transactions On Systems, Man and Cybernetics",
  publisher = "IEEE Robotics and Automation Society"
}

@INPROCEEDINGS{koren91,
  author = "Y. Koren and J. Borenstein",
  title  = "Potential Field Methods and Their Inherent Limitations for Mobile Robot Navigation",
  year   = {1991},
  booktitle = "Robotics and Automation"
}

@INPROCEEDINGS{khatib95,
  author = "M. Khatib and R. Chatila",
  title  = "An extended potential field approach for mobile robot sensor-based motions",
  year   = {1995},
  booktitle = "Conference on Intelligent Autonomous Systems"
}

@ARTICLE{burgard97,
  author = "Dieter Foxy and Wolfram Burgardy and Sebastian Thrun",
  title  = "The dynamic window approach to collision avoidance",
  year   = {1997},
  journal = "Robotics \& Automation Magazine",
  publisher = "IEEE Robotics and Automation Society"
}

@ARTICLE{ge00,
  author = "S.S. Ge and Y.J. Cui",
  title  = "New Potential Functions for Mobile Robot Path Planning",
  year   = {2000},
  journal = "IEEE Transactions On Systems, Man and Cybernetics",
  publisher = "IEEE Robotics and Automation Society"
}

@ARTICLE{li-juan08,
  author = "XIE Li-juan and XIE Guang-rong and CHEN Huan-wen and LI Xiao-li",
  title  = "A Novel Artificial Potential Field-Based Reinforcement Learning for Mobile Robotics in Ambient Intelligence",
  year   = {2009},
  journal = "International Journal of Robotics and Automation"
}

@BOOK{choset,
  author = "H.M. Choset et al.",
  title  = "Principles oof Robot Motion: theory, algorithms, and implementation",
  year   = {2005},
  publisher = "MIT press"
}



======================
Reinforcement Learning
======================

@ARTICLE{kaebling96,
  author = "L.P. Kaebling and M.L. Littman and A.W. Moore",
  title  = "Reinforcement Learning: A survey",
  year   = {1996},
  journal = "Journal of Artificial Intelligence Research"
}

Of course, we have to link to these two heros.
@BOOK{sutton98,
  author = "R. S. Sutton and A. Barto",
  title  = "Reinforcement Learning: An introduction",
  year   = {1998},
  publisher = "Cambridge: MIT Press"
}


======================
Friends from Amsterdam
======================

@UNPUBLISHED{nick,
  author = "A. Visser and N. Dijkshoorn and M. van der Veen and R. Jurriaans",
  title  = "Closing the Gap between simulation and reality in the sensor and motion models of an autonomous AR.Drone",
  year   = {2011},
  note   = "Accepted for publication at the IMAV2011 conference"
}

@UNPUBLISHED{robrecht,
  author = "R. Jurriaans",
  title  = "Optical flow based obstacle avoidance for real world autonomous aerial navigation tasks",
  year   = {2011},
  note   = "Bachelor Thesis"
}


============
Applications
============

@ARTICLE{burgard99,
  author = "Wolfram Burgard and Armin B. Cremers and Dieter Fox and Dirk Hahnel and Gerhard Lakemeyer and Dirk Schulz and Walter Steiner and Sebastian Thrun",
  title  = "Experiences with an interactive museum tour-guide robot",
  year   = {1999},
  journal = "Artificial Intelligence",
  publisher = "Elsevier"
}
      
@ARTICLE{brooks86,
  author = "R.A. Brooks",
  title  = "A Robust Layered Control System for a Mobile Robot",
  year   = {1986},
  journal = "IEEE Journal of Robotics and Automation",
  publisher = "IEEE Robotics and Automation Society"
}
      
